<?xml version="1.0" encoding="UTF-8"?><collection xmlns="http://www.loc.gov/MARC21/slim"><record><leader>00379nam--2200121-i-4500</leader><controlfield tag="001">000033770</controlfield><controlfield tag="002">20161230</controlfield><controlfield tag="005">20161230201039</controlfield><controlfield tag="008">060222s1000------------r-----000-0-eng-d</controlfield><datafield ind1=" " ind2=" " tag="100"><subfield code="a">Martin, A</subfield></datafield><datafield ind1=" " ind2=" " tag="245"><subfield code="a">Bouchet, l</subfield></datafield><datafield ind1=" " ind2=" " tag="260"><subfield code="a">Cours D`Electronique. T. 2: Circuits De Liaison Quadripoles, Filtres, Amplification Par Tubes Et Transistors</subfield></datafield><datafield ind1=" " ind2=" " tag="490"><subfield code="a">Paris, Gauthier-villars, 1968. 347p</subfield></datafield></record></collection>